<record><leader>00000cas a2200000 a 4500</leader><controlfield tag="001">11207218</controlfield><controlfield tag="008">840928d18331868kyudr ne      0    0eng c</controlfield><datafield ind1=" " ind2=" " tag="010"><subfield code="a">sn 84027471 </subfield></datafield><datafield ind1=" " ind2=" " tag="040"><subfield code="a">NPU</subfield><subfield code="b">eng</subfield><subfield code="c">NPU</subfield><subfield code="d">NPX</subfield><subfield code="d">KNP</subfield><subfield code="d">PPM</subfield><subfield code="d">KNP</subfield><subfield code="d">DLC</subfield><subfield code="d">KNP</subfield><subfield code="d">YOX</subfield><subfield code="d">KNP</subfield><subfield code="d">MGN</subfield><subfield code="d">CNK</subfield><subfield code="d">MGN</subfield><subfield code="d">CRL</subfield><subfield code="d">NYS</subfield><subfield code="d">NVK</subfield><subfield code="d">TGN</subfield><subfield code="d">CVF</subfield><subfield code="d">OCL</subfield><subfield code="d">NYS</subfield><subfield code="d">OCLCQ</subfield><subfield code="d">OCLCG</subfield><subfield code="d">KRTAS</subfield><subfield code="d">OCLCQ</subfield><subfield code="d">TXA</subfield><subfield code="d">OCLCF</subfield></datafield><datafield ind1="1" ind2=" " tag="029"><subfield code="a">AU@</subfield><subfield code="b">000003598257</subfield></datafield><datafield ind1=" " ind2=" " tag="042"><subfield code="a">pcc</subfield></datafield><datafield ind1=" " ind2=" " tag="043"><subfield code="a">n-us-ky</subfield></datafield><datafield ind1="0" ind2="0" tag="050"><subfield code="a">Newspaper 7919</subfield></datafield><datafield ind1="0" ind2=" " tag="130"><subfield code="a">Louisville daily journal (Louisville, Ky. : 1833)</subfield></datafield><datafield ind1="1" ind2="4" tag="245"><subfield code="a">The Louisville daily journal.</subfield></datafield><datafield ind1="3" ind2="0" tag="246"><subfield code="a">Louisville journal</subfield></datafield><datafield ind1=" " ind2=" " tag="260"><subfield code="a">Louisville, Ky. :</subfield><subfield code="b">Prentice &amp; Johnson,</subfield><subfield code="c">-1868.</subfield></datafield><datafield ind1=" " ind2=" " tag="300"><subfield code="a">v. :</subfield><subfield code="b">ill. ;</subfield><subfield code="c">68 cm.</subfield></datafield><datafield ind1=" " ind2=" " tag="310"><subfield code="a">Daily</subfield></datafield><datafield ind1="1" ind2=" " tag="362"><subfield code="a">Began in 1833.</subfield></datafield><datafield ind1="0" ind2=" " tag="362"><subfield code="a">-v. 38, no. 295 (Nov. 7, 1868).</subfield></datafield><datafield ind1=" " ind2=" " tag="500"><subfield code="a">Published as: Louisville journal, with no masthead &lt;Dec. 31, 1838&gt;-Mar. 18, 1839.</subfield></datafield><datafield ind1=" " ind2=" " tag="500"><subfield code="a">Publishers: Prentice &amp; Weissinger, &lt;1840&gt;; Prentice, Henderson &amp; Osborne, &lt;Jan. 3, 1860&gt;-May 17, 1867; Journal Office Co., May 18, 1867; Louisville Journal Co., May 20, 1867-&lt;1868&gt;</subfield></datafield><datafield ind1=" " ind2=" " tag="530"><subfield code="a">Available on microfilm from Bell &amp; Howell.</subfield></datafield><datafield ind1=" " ind2=" " tag="580"><subfield code="a">Evening eds.: Louisville evening bulletin; Evening bulletin (Louisville, Ky.).</subfield></datafield><datafield ind1=" " ind2=" " tag="580"><subfield code="a">Campaign ed.: Louisville journal, extra.</subfield></datafield><datafield ind1=" " ind2=" " tag="580"><subfield code="a">Merged with: Louisville daily courier (Louisville, Ky. : 1851), to form: Louisville courier-journal (Louisville, Ky. : Daily).</subfield></datafield><datafield ind1=" " ind2=" " tag="588"><subfield code="a">Description based on: Vol. 4, no. 70 (Feb. 17, 1834).</subfield></datafield><datafield ind1=" " ind2="0" tag="651"><subfield code="a">Jefferson County (Ky.)</subfield><subfield code="v">Newspapers.</subfield></datafield><datafield ind1=" " ind2="0" tag="651"><subfield code="a">Louisville (Ky.)</subfield><subfield code="v">Newspapers.</subfield></datafield><datafield ind1=" " ind2="7" tag="655"><subfield code="a">Newspapers.</subfield><subfield code="2">fast</subfield><subfield code="0">(OCoLC)fst01423814</subfield></datafield><datafield ind1=" " ind2="7" tag="651"><subfield code="a">Kentucky</subfield><subfield code="z">Jefferson County.</subfield><subfield code="2">fast</subfield><subfield code="0">(OCoLC)fst01205464</subfield></datafield><datafield ind1=" " ind2="7" tag="651"><subfield code="a">Kentucky</subfield><subfield code="z">Louisville.</subfield><subfield code="2">fast</subfield><subfield code="0">(OCoLC)fst01204602</subfield></datafield><datafield ind1="1" ind2=" " tag="700"><subfield code="a">Prentice, George D.</subfield><subfield code="q">(George Denison),</subfield><subfield code="d">1802-1870.</subfield></datafield><datafield ind1=" " ind2=" " tag="752"><subfield code="a">United States</subfield><subfield code="b">Kentucky</subfield><subfield code="c">Jefferson</subfield><subfield code="d">Louisville.</subfield></datafield><datafield ind1="0" ind2=" " tag="775"><subfield code="t">Louisville journal (Louisville, Ky. : Triweekly)</subfield><subfield code="w">(DLC)sn 84038555</subfield><subfield code="w">(OCoLC)11342091</subfield></datafield><datafield ind1="0" ind2=" " tag="775"><subfield code="t">Louisville journal (Louisville, Ky. : Weekly)</subfield><subfield code="w">(DLC)sn 84038552</subfield><subfield code="w">(OCoLC)11341940</subfield></datafield><datafield ind1="0" ind2=" " tag="775"><subfield code="t">Louisville weekly journal</subfield><subfield code="w">(DLC)sn 82016286</subfield><subfield code="w">(OCoLC)9271928</subfield></datafield><datafield ind1="0" ind2=" " tag="775"><subfield code="t">Louisville weekly bulletin</subfield><subfield code="w">(DLC)sn 86069209</subfield><subfield code="w">(OCoLC)13749026</subfield></datafield><datafield ind1="1" ind2=" " tag="775"><subfield code="t">Louisville journal, extra</subfield><subfield code="w">(DLC)sn 84038553</subfield><subfield code="w">(OCoLC)11341988</subfield></datafield><datafield ind1="1" ind2=" " tag="775"><subfield code="t">Louisville evening bulletin</subfield><subfield code="w">(DLC)sn 86086493</subfield><subfield code="w">(OCoLC)13741448</subfield></datafield><datafield ind1="1" ind2=" " tag="775"><subfield code="t">Evening bulletin (Louisville, Ky.)</subfield><subfield code="w">(DLC)sn 84038551</subfield><subfield code="w">(OCoLC)11340718</subfield></datafield><datafield ind1="0" ind2="8" tag="776"><subfield code="i">Online version:</subfield><subfield code="t">Louisville daily journal (Louisville, Ky. : 1833)</subfield><subfield code="w">(DLC)  2013263199</subfield><subfield code="w">(OCoLC)842009521</subfield></datafield><datafield ind1="0" ind2="0" tag="780"><subfield code="t">Daily journal and focus</subfield><subfield code="w">(DLC)sn 83016362</subfield><subfield code="w">(OCoLC)9755047</subfield></datafield><datafield ind1="1" ind2="7" tag="785"><subfield code="t">Louisville daily courier (Louisville, Ky. : 1851)</subfield><subfield code="w">(DLC)sn 82016258</subfield><subfield code="w">(OCoLC)9266123</subfield></datafield><datafield ind1="1" ind2="7" tag="785"><subfield code="t">Louisville courier-journal (Louisville, Ky. : Daily)</subfield><subfield code="w">(DLC)sn 82015931</subfield><subfield code="w">(OCoLC)8833596</subfield></datafield><datafield ind1="4" ind2="1" tag="856"><subfield code="u">http://search.proquest.com/hnplouisvillecourierjournal/publication/1066357/</subfield></datafield><datafield ind1=" " ind2=" " tag="938"><subfield code="a">Kirtas Technologies, Inc.</subfield><subfield code="b">KRTS</subfield><subfield code="n">738795</subfield></datafield></record>